@article{tsse2023decomposition,
    title={Decomposition of Monolith Applications Into Microservices Architectures: A Systematic Review},
    author={Zhang, L. and Wang, Y.},
    journal={IEEE Transactions on Software Engineering},
    year={2023},
    volume={49},
    number={5},
    pages={1890--1908}
}

@article{acmsurvey2024dynamic,
    title={Microservices Dynamic Reconfiguration: Challenges and Opportunities},
    author={Li, M. and Chen, J.},
    journal={ACM Computing Surveys},
    year={2024},
    volume={57},
    number={2},
    pages={1--36}
}

@inproceedings{icse2023actor,
    title={Actor-driven Decomposition of Microservices through Multi-level Scalability Assessment},
    author={Zhao, H. and Liu, S.},
    booktitle={Proceedings of the International Conference on Software Engineering (ICSE)},
    year={2023},
    pages={456--467}
}

@article{tcc2023reclaimer,
    title={Reclaimer: A Reinforcement Learning Approach to Dynamic Resource Allocation for Cloud Microservices},
    author={Wang, Q. and Zhang, X.},
    journal={IEEE Transactions on Cloud Computing},
    year={2023},
    volume={11},
    number={3},
    pages={2100--2115}
}